@book{neu,
	title       = {Algebraic Number Theory (Schappacher, N., trans.)},
	author      = {Neukirch, J\"urgen},
	publisher   = {New York: Springer-Verlag},
	year        = {1999}
}
	
	 